@book{bruegge2004object,
	title = {Object Oriented Software Engineering Using UML, Patterns, and Java},
	author = {Bruegge, Bernd and Dutoit, Allen H},
	year = {2009},
	publisher = {Prentice Hall}
}

@article{Somasundaram2012,
author = {Somasundaram, Kalyanasundaram and Murphy, Gail C},
isbn = {9781450311427},
journal = {Proc. 5th ACM India Softw. Eng. Conf.},
keywords = {component recommendation,recommendation system,software bug triage},
pages = {125--130},
title = {{Automatic Categorization of Bug Reports Using Latent Dirichlet Allocation}},
year = {2012}
}

@article{Murgia2014,
author = {Murgia, Alessandro and Tourani, Parastou and Adams, Bram and Ortu, Marco},
doi = {10.1145/2597073.2597086},
isbn = {9781450328630},
journal = {Proc. 11th Work. Conf. Min. Softw. Repos. - MSR 2014},
keywords = {emotion mining,empirical software engineer-,issue report},
pages = {262--271},
title = {{Do developers feel emotions? an exploratory analysis of emotions in software artifacts}},
url = {http://dl.acm.org/citation.cfm?doid=2597073.2597086},
year = {2014}
}